@ARTICLE{groeneboom:2014,
   author = {{Groeneboom}, N.~E. and {Dahle}, H.},
    title = "{Introducing GAMER: A Fast and Accurate Method for Ray-tracing Galaxies Using Procedural Noise}",
  journal = {\apj},
 keywords = {galaxies: general, gravitational lensing: strong, methods: numerical},
     year = 2014,
    month = mar,
   volume = 783,
      eid = {138},
    pages = {138},
      doi = {10.1088/0004-637X/783/2/138},
   adsurl = {http://adsabs.harvard.edu/abs/2014ApJ...783..138G},
  adsnote = {Provided by the SAO/NASA Astrophysics Data System}
}


@article{plimpton1995fast,
  title={Fast parallel algorithms for short-range molecular dynamics},
  author={Plimpton, Steve},
  journal={Journal of computational physics},
  volume={117},
  number={1},
  pages={1--19},
  year={1995},
  publisher={Elsevier}
}


@article{burganos1998gas,
  title={Gas diffusion in random binary media},
  author={Burganos, Vasilis N},
  journal={The Journal of chemical physics},
  volume={109},
  number={16},
  pages={6772--6779},
  year={1998},
  publisher={AIP Publishing}
}

@article{perlin:2002,
 author = {Perlin, Ken},
 title = {Improving Noise},
 journal = {ACM Trans. Graph.},
 issue_date = {July 2002},
 volume = {21},
 number = {3},
 month = jul,
 year = {2002},
 issn = {0730-0301},
 pages = {681--682},
 numpages = {2},
 url = {http://doi.acm.org/10.1145/566654.566636},
 doi = {10.1145/566654.566636},
 acmid = {566636},
 publisher = {ACM},
 address = {New York, NY, USA},
 keywords = {procedural texture},
} 

@article{lagae:2010,
  author = {Ares Lagae and Sylvain Lefebvre and Rob Cook and Tony DeRose and George Drettakis and D.S. Ebert and J.P. Lewis and Ken Perlin and Matthias Zwicker},
  title = {A Survey of Procedural Noise Functions},
  journal = {Computer Graphics Forum},
  year = {2010},
  volume = {29},
  number = {8},
  pages = {2579--2600},
  month = {December},
  doi = {10.1111/j.1467-8659.2010.01827.x},
  url = {http://onlinelibrary.wiley.com/doi/10.1111/j.1467-8659.2010.01827.x/abstract},
  lirias = {https://lirias.kuleuven.be/handle/123456789/278824},
  impactfactor = {1.860 (ISI Web of Knowledge, Journal Citation Reports)},
  citations = {},
}

@article{gelb1999pore,
  title={Pore size distributions in porous glasses: a computer simulation study},
  author={Gelb, Lev D and Gubbins, KE},
  journal={Langmuir},
  volume={15},
  number={2},
  pages={305--308},
  year={1999},
  publisher={ACS Publications}
}

@article{perlin1985image,
  title={An image synthesizer},
  author={Perlin, Ken},
  journal={ACM Siggraph Computer Graphics},
  volume={19},
  number={3},
  pages={287--296},
  year={1985}
}

@article{gelb1998characterization,
  title={Characterization of porous glasses: Simulation models, adsorption isotherms, and the Brunauer-Emmett-Teller analysis method},
  author={Gelb, Lev D and Gubbins, KE},
  journal={Langmuir},
  volume={14},
  number={8},
  pages={2097--2111},
  year={1998},
  publisher={ACS Publications}
}

@article{vashishta1990interaction,
  title={Interaction potential for SiO 2: a molecular-dynamics study of structural correlations},
  author={Vashishta, P and Kalia, Rajiv K and Rino, Jos{\'e} P and Ebbsj{\"o}, Ingvar},
  journal={Physical Review B},
  volume={41},
  number={17},
  pages={12197},
  year={1990},
  publisher={APS}
}

@article{cnudde2013high,
  title={High-resolution X-ray computed tomography in geosciences: A review of the current technology and applications},
  author={Cnudde, Veerle and Boone, Matthieu Nicolaas},
  journal={Earth-Science Reviews},
  volume={123},
  pages={1--17},
  year={2013},
  publisher={Elsevier}
}

@inproceedings{curtis2010structural,
  title={Structural characterization of gas shales on the micro-and nano-scales},
  author={Curtis, Mark Erman and Ambrose, Raymond Joseph and Sondergeld, Carl H and others},
  booktitle={Canadian unconventional resources and international petroleum conference},
  year={2010},
  organization={Society of Petroleum Engineers}
}

@article{panahi20144d,
  title={A 4D synchrotron X-ray tomography study of the formation of hydrocarbon migration pathways in heated organic-rich shale},
  author={Panahi, Hamed and Kobchenko, Maya and Renard, Francois and Mazzini, Adriano and Scheibert, Julien and Dysthe, Dag Kristian and Jamtveit, Bjorn and Malthe-S{\o}renssen, Anders and Meakin, Paul},
  journal={arXiv preprint arXiv:1401.2448},
  year={2014}
}

@article{kobchenko20114d,
  title={4D imaging of fracturing in organic-rich shales during heating},
  author={Kobchenko, Maya and Panahi, Hamed and Renard, Francois and Dysthe, Dag K and Malthe-S{\o}renssen, Anders and Mazzini, Adriano and Scheibert, Julien and Jamtveit, Bj{\o}rn and Meakin, Paul},
  journal={Journal of Geophysical Research: Solid Earth},
  volume={116},
  number={B12},
  year={2011},
  publisher={Wiley Online Library}
}

@article{jamtveit2014pore,
  title={Pore-space distribution and transport properties of an andesitic intrusion},
  author={Jamtveit, Bj{\o}rn and Krotkiewski, Marcin and Kobchenko, Maya and Renard, Francois and Angheluta, Luiza},
  journal={Earth and Planetary Science Letters},
  volume={400},
  pages={123--129},
  year={2014},
  publisher={Elsevier}
}

@article{zhu2011microtomography,
  title={Microtomography of partially molten rocks: three-dimensional melt distribution in mantle peridotite},
  author={Zhu, Wenlu and Gaetani, Glenn A and Fusseis, Florian and Mont{\'e}si, Laurent GJ and De Carlo, Francesco},
  journal={Science},
  volume={332},
  number={6025},
  pages={88--91},
  year={2011},
  publisher={American Association for the Advancement of Science}
}

@article{fusseis2009creep,
  title={Creep cavitation can establish a dynamic granular fluid pump in ductile shear zones},
  author={Fusseis, F and Regenauer-Lieb, K and Liu, J and Hough, RM and De Carlo, F},
  journal={Nature},
  volume={459},
  number={7249},
  pages={974--977},
  year={2009},
  publisher={Nature Publishing Group}
}

@article{biswal2007stochastic,
  title={Stochastic multiscale model for carbonate rocks},
  author={Biswal, B and {\O}ren, P-E and Held, RJ and Bakke, S and Hilfer, R},
  journal={Physical Review E},
  volume={75},
  number={6},
  pages={061303},
  year={2007},
  publisher={APS}
}

@article{hamzehpour2006development,
  title={Development of optimal models of porous media by combining static and dynamic data: the porosity distribution},
  author={Hamzehpour, Hossein and Sahimi, Muhammad},
  journal={Physical Review E},
  volume={74},
  number={2},
  pages={026308},
  year={2006},
  publisher={APS}
}

@article{yeong1998reconstructing,
  title={Reconstructing random media},
  author={Yeong, CLY and Torquato, Salvatore},
  journal={Physical Review E},
  volume={57},
  number={1},
  pages={495},
  year={1998},
  publisher={APS}
}

@article{roberts1997statistical,
  title={Statistical reconstruction of three-dimensional porous media from two-dimensional images},
  author={Roberts, Anthony P},
  journal={Physical Review E},
  volume={56},
  number={3},
  pages={3203},
  year={1997},
  publisher={APS}
}

@article{sahimi1993flow,
  title={Flow phenomena in rocks: from continuum models to fractals, percolation, cellular automata, and simulated annealing},
  author={Sahimi, Muhammad},
  journal={Reviews of modern physics},
  volume={65},
  number={4},
  pages={1393},
  year={1993},
  publisher={APS}
}

@article{pilotti1998generation,
  title={Generation of realistic porous media by grains sedimentation},
  author={Pilotti, Marco},
  journal={Transport in Porous Media},
  volume={33},
  number={3},
  pages={257--278},
  year={1998},
  publisher={Springer}
}

@article{scott1969density,
  title={The density of random close packing of spheres},
  author={Scott, GD and Kilgour, DM},
  journal={Journal of Physics D: Applied Physics},
  volume={2},
  number={6},
  pages={863},
  year={1969},
  publisher={IOP Publishing}
}

@book{herrmann2013physics,
  title={Physics of dry granular media},
  author={Herrmann, Hans J and Hovi, J-P and Luding, S},
  volume={350},
  year={2013},
  publisher={Springer Science \& Business Media}
}

@article{rutter1983pressure,
  title={Pressure solution in nature, theory and experiment},
  author={Rutter, EH},
  journal={Journal of the Geological Society},
  volume={140},
  number={5},
  pages={725--740},
  year={1983},
  publisher={Geological Society of London}
}

@article{renard1997pressure,
  title={Pressure solution in sandstones: influence of clays and dependence on temperature and stress},
  author={Renard, Fran{\c{c}}ois and Ortoleva, Peter and Gratier, Jean Pierre},
  journal={Tectonophysics},
  volume={280},
  number={3},
  pages={257--266},
  year={1997},
  publisher={Elsevier}
}

@article{lopez2009process,
  title={Process-based stochastic modelling: meandering channelized reservoirs},
  author={Lopez, Simon and Cojan, Isabelle and Rivoirard, Jacques and Galli, Alain},
  journal={Analogue Numer Model Sediment Syst: From Understand Predict (Special Publ. 40 of the IAS)},
  volume={40},
  year={2009}
}

@article{koltermann1996heterogeneity,
  title={Heterogeneity in sedimentary deposits: A review of structure-imitating, process-imitating, and descriptive approaches},
  author={Koltermann, Christine E and Gorelick, Steven M},
  journal={Water Resources Research},
  volume={32},
  number={9},
  pages={2617--2658},
  year={1996},
  publisher={Wiley Online Library}
}

@article{blair1994alluvial,
  title={Alluvial fans and their natural distinction from rivers based on morphology, hydraulic processes, sedimentary processes, and facies assemblages},
  author={Blair, Terence C and McPherson, John G},
  journal={Journal of sedimentary research},
  volume={64},
  number={3},
  year={1994},
  publisher={Society for Sedimentary Geology}
}

@book{pyrcz2014geostatistical,
  title={Geostatistical reservoir modeling},
  author={Pyrcz, Michael J and Deutsch, Clayton V},
  year={2014},
  publisher={Oxford university press}
}

@article{fatt1956network,
  title={The network model of porous media},
  author={Fatt, Irving and others},
  year={1956},
  publisher={Society of Petroleum Engineers}
}

@article{blunt2001flow,
  title={Flow in porous media—pore-network models and multiphase flow},
  author={Blunt, Martin J},
  journal={Current opinion in colloid \& interface science},
  volume={6},
  number={3},
  pages={197--207},
  year={2001},
  publisher={Elsevier}
}

@book{coussy2011mechanics,
  title={Mechanics and physics of porous solids},
  author={Coussy, Olivier},
  year={2011},
  publisher={John Wiley \& Sons}
}

@book{sahimi,
  title={Applications of Percolation Theory},
  author={Sahimi, Muhammad},
  year={1994},
  publisher={CRC Press}
}

@article{Adarsh,
  title={Universal stretched exponential relaxation in nanoconfined water},
  author={Shekhar, Adarsh and Kalia, Rajiv K and Nakano, Aiichiro and Vashishta, Priya and Alm, Camilla K and Malthe-S{\o}renssen, Anders},
  journal={Applied Physics Letters},
  volume={105},
  number={16},
  pages={161907},
  year={2014},
  publisher={AIP Publishing}
}

@inproceedings{lagae2010state,
  title={State of the art in procedural noise functions},
  author={Lagae, Ares and Lefebvre, Sylvain and Cook, Rob and Derose, Tony and Drettakis, George and Ebert, David S and Lewis, John P and Perlin, Ken and Zwicker, Matthias},
  booktitle={EG 2010-State of the Art Reports},
  year={2010},
  organization={The Eurographics Association}
}

@inproceedings{lagae2010survey,
  title={A survey of procedural noise functions},
  author={Lagae, Ares and Lefebvre, Sylvain and Cook, Rob and DeRose, Tony and Drettakis, George and Ebert, David S and Lewis, John P and Perlin, Ken and Zwicker, Matthias},
  booktitle={Computer Graphics Forum},
  volume={29},
  number={8},
  pages={2579--2600},
  year={2010},
  organization={Wiley Online Library}
}

@inproceedings{bridson2007curl,
  title={Curl-noise for procedural fluid flow},
  author={Bridson, Robert and Houriham, Jim and Nordenstam, Marcus},
  booktitle={ACM Transactions on Graphics (ToG)},
  volume={26},
  number={3},
  pages={46},
  year={2007},
  organization={ACM}
}

@article{cook2005wavelet,
  title={Wavelet noise},
  author={Cook, Robert L and DeRose, Tony},
  journal={ACM Transactions on Graphics (TOG)},
  volume={24},
  number={3},
  pages={803--811},
  year={2005},
  publisher={ACM}
}

@inproceedings{goldberg2008anisotropic,
  title={Anisotropic noise},
  author={Goldberg, Alexander and Zwicker, Matthias and Durand, Fr{\'e}do},
  booktitle={ACM Transactions on Graphics (TOG)},
  volume={27},
  number={3},
  pages={54},
  year={2008},
  organization={ACM}
}

@book{ebert2003texturing,
  title={Texturing \& modeling: a procedural approach},
  author={Ebert, David S},
  year={2003},
  publisher={Morgan Kaufmann}
}

@article{kozeny1927uber,
  title={Uber kapillare leitung der wasser in boden},
  author={Kozeny, Josef},
  journal={Royal Academy of Science, Vienna, Proc. Class I},
  volume={136},
  pages={271--306},
  year={1927}
}

@article{carman1937fluid,
  title={Fluid flow through granular beds},
  author={Carman, Philip Crosbie},
  journal={Trans. Inst. Chem. Eng.},
  volume={15},
  pages={150--166},
  year={1937}
}

@inproceedings{lorensen1987marching,
  title={Marching cubes: A high resolution 3D surface construction algorithm},
  author={Lorensen, William E and Cline, Harvey E},
  booktitle={ACM siggraph computer graphics},
  volume={21},
  number={4},
  pages={163--169},
  year={1987},
  organization={ACM}
}